<record><leader>00000cas a22000007a 4500</leader><controlfield tag="001">30611082</controlfield><controlfield tag="008">940615c19uu9999nyuuu ne      0    0eng d</controlfield><datafield ind1=" " ind2=" " tag="010"><subfield code="a">sn 94057612 </subfield></datafield><datafield ind1=" " ind2=" " tag="040"><subfield code="a">NYS</subfield><subfield code="b">eng</subfield><subfield code="c">NYS</subfield><subfield code="d">OCLCQ</subfield></datafield><datafield ind1=" " ind2=" " tag="042"><subfield code="a">msc</subfield></datafield><datafield ind1="0" ind2="4" tag="245"><subfield code="a">The Corry area independent.</subfield></datafield><datafield ind1=" " ind2=" " tag="260"><subfield code="a">Corry, Pa. :</subfield><subfield code="b">Sawyer Enterprises</subfield></datafield><datafield ind1=" " ind2=" " tag="300"><subfield code="a">v.</subfield></datafield><datafield ind1=" " ind2=" " tag="588"><subfield code="a">Description based on: Mar. 4, 1980.</subfield></datafield><datafield ind1=" " ind2="4" tag="651"><subfield code="a">Corry (Pa.)</subfield><subfield code="v">Newspapers.</subfield></datafield><datafield ind1=" " ind2=" " tag="752"><subfield code="a">United States</subfield><subfield code="b">Pennsylvannia</subfield><subfield code="c">Erie</subfield><subfield code="d">Corry.</subfield></datafield><datafield ind1="0" ind2="0" tag="780"><subfield code="t">Corry independent</subfield><subfield code="w">(OCoLC)30611082</subfield></datafield><datafield ind1="1" ind2=" " tag="029"><subfield code="a">AU@</subfield><subfield code="b">000025904028</subfield></datafield></record>